@article{thompson,
    author = "F. Thompson and S.Loguei",
    title = "{An exploration of common student misconceptions in science}",
    journal = "International Education Journal",
    volume = "7",
    number = "4",
    pages = "553--559",
    year = "2006"
}

@article{johsua,
    author = "S. Johsua and J-J. Dupin",
    title = "{Les conceptions des élèves}",
    journal = "Introduction à la didactique des sciences et des mathématiques",
    volume = "3",
    pages = "121--192",
    year = "1993"
}

@article{ayensa,
    author = "J.M. Ayensa and L.Rosado and M.L Los Arcos",
    title = "{El ordenador en trabajos prácticos. Análisis de una experiencia en el aula de Física en educación secundaria}",
    journal = "Contextos educativos",
    pages = "31--52",
    year = "1998"
}

@article{papastergiou,
    author = "M. Papastergiou",
    title = "{Students’ mental models of the internet and their didactical exploitation in informatics education}",
    journal = "Education and Information Technologies",
    volume = "10",
    pages = "341--360",
    year = "2005"
}

@article{diethelm,
    author = "I. Diethelm and H. Wilken and S. Zumbrägel",
    title = "{An investigation of secondary school students' conceptions on how the internet works}",
    journal = "Proceedings of the 12th Koli Calling International Conference on Computing Education Research",
    location = "New York",
    pages = "67--73",
    year = "2012"
}

@article{yan,
    author = "Z. Yan",
    title = "{Age differences in children’s understanding of the complexity of the internet}",
    journal = "Journal of Applied Developmental Psychology",
    volume = "26",
    pages = "385--396",
    year = "2005"
}

@article{edwards,
    author = "S. Edwards and A. Nolan and M. Henderson and A. Mantilla and L. Plowman and H. Skouteris",
    title = "{Young children’s everyday concepts of the Internet: A platform for cyber-safety education in the early years}",
    journal = "British Journal of Educational Technology",
    volume = "49",
    number = "1",
    pages = "45--55",
    year = "2018"
}


@inbook{vygotsky,
    author = "L. S. Vygotsky",
    title = "{Problems of general psychology}",
    booktitle = "The collected works of L. S. Vygotsky (Vol. 1)",
    editor = "R. W. Rieber and A. Carton",
    location = "New York",
    year = "1987",
    publisher = "Plenum Press"
}

@article{mertala,
    author = "P. Mertala",
    title = "{Young children’s perceptions of ubiquitous computing and the Internet of Things}",
    journal = "British Journal of Educational Technology",
    volume = "51",
    number = "1",
    pages = "84--102",
    year = "2020"
}

@article{mertala-2,
    author = "P. Mertala",
    title = "{Young children’s conceptions of computers, code, and the Internet}",
    journal = "International Journal of Child-Computer Interaction",
    year = "2019"
}

@article{kodama,
    author = "C. Kodama and B.S. Jean and M. Subramaniam and N.G. Taylor",
    title = "{There’s a creepy guy on the other end at Google!: engaging middle school students in a drawing activity to elicit their mental models of Google}",
    journal = "Information Retrieval Journal",
    volume = "20",
    pages = "403--432",
    year = "2017"
}

@inbook{norman,
    author = "D. A. Norman",
    title = "{Some observations on mental models}",
    booktitle = "Mental models",
    editor = "D. Gentner and A. L. Stevens",
    location = "Hillsdale, NJ",
    year = "1983",
    publisher = "Lawrence Erlbaum Associates, Publishers"
}

@article{kafai,
    author = "Y. Kafai",
    title = "{Understanding Virtual Epidemics: Children’s Folk Conceptions of a Computer Virus}",
    journal = "Journal of Science Education and Technology",
    year = "2008"
}

@conference{pancratz,
    author = "N. Pancratz and I. Diethelm",
    title = "{Draw Us How Smartphones, Video Gaming Consoles, and Robotic Vacuum Cleaners Look Like from the Inside: Students’ Conceptions of Computing System Architecture}",
    venue = "Workshop in Primary and Secondary Computing Education (WiPSCE ’20)",
    date = "October 28– 30, 2020",
    location = "Virtual Event, Germany. ACM, New York, NY, USA",
    year = "2020"

}

@article{driessnack,
    author = "M. Driessnack",
    title = "{Draw-and-tell conversations with children about fear}",
    journal = "Qual. Health Res",
    pages = "1414--1435",
    year = "2010"
}

@inbook{komorek,
    author = "M. Komorek and U. Kattmann",
    title = "{The model of educational reconstruction}",
    booktitle = "Four Decades of Research in Science Education - from Curriculum Development to Quality Improvement",
    pages = "171--188",
    year = "2008"
}